@online{news:USAcomp,
	title={Новостной портал ИБ - threadpost},
	url={https://threatpost.ru/fbr-mozhet-provodit-obyski-kompyuterov-v-lyuboj-strane-mira/15982/},
	year={2016},
	medium={Электронный ресурс},
	urldate={12.04.2016},
	language={russian}
},
@online{proj:KaspAntiv,
	title={Антивирус Лаборатории Касперского для UEFI},
	year={2016},
	medium={Электронный ресурс},
	url={www.kaspersky.ru/about/news/business/2013/S_chistogo_lista_tehnologii_Laboratorii_Kasperskogo_obespechat_zaschitu_ot_virusov_na_etape_zagruzki},
	urldate={2.05.2016},
	language={russian}	
},
@online{wiki:dinanalise,
	title={Динамический анализ кода},
	year={2016},
	medium={Электронный ресурс},
	url={https://ru.wikipedia.org/wiki/Динамический_анализ_кода},
	urldate={2.05.2016},
	language={russian}	
},
@online{wiki:firmware,
	title={Встроенное программное обеспечение},
	year={2016},
	medium={Электронный ресурс},
	url={https://ru.wikipedia.org/wiki/Встроенное_программное_обеспечение},
	urldate={2.05.2016},
	language={russian}	
},
@online{proj:Dreamboot,
	title={Загрузочный вирус Dreamboot},
	year={2016},
	medium={Электронный ресурс},
	url={conference.hackinthebox.org/hitbsecconf2013ams/materials/D2T1 - Sebastien Kaczmarek - Dreamboot UEFI Bootkit.pdf},
	urldate={2.05.2016},
	language={russian}	
},
@online{proj:stoned,
	title={Загрузочный вирус Stoned},
	year={2016},
	medium={Электронный ресурс},
	url={http://stoned-vienna.com/},
	urldate={2.05.2016},
	language={russian}	
},
@online{wiki:bootkit,
	title={Загрузочный вирус},
	year={2016},
	medium={Электронный ресурс},
	url={https://ru.wikipedia.org/wiki/Загрузочный_вирус},
	urldate={2.05.2016},
	language={russian}	
},
@online{SmmBackDoor,
	title={SmmBackDoor},
	url={https://github.com/Cr4sh/SmmBackdoor/},
	year={2015},
	medium={Электронный ресурс},
	urldate={12.04.2016},
	language={russian}
},
@online{Apple:Sleep,
	title={OS X после сна разрешает себя перепрошить кому угодно},
	url={https://xakep.ru/2015/06/03/os-x-rootkit/},
	year={2015},
	medium={Электронный ресурс},
	urldate={12.04.2016},
	language={russian}
},
@online{Xakep:ChinaSpy,
	title={Китайские закладки: непридуманная история о виртуализации, безопасности и шпионах},
	url={https://xakep.ru/2011/12/26/58104/},
	year={2011},
	medium={Электронный ресурс},
	urldate={12.04.2016},
	language={russian}
},
@Misc{FSTEK:vipiska,
	title = {"Базовая модель угроз безопасности
		персональных данных при их обработке в
		информационных системах персональных
		данных"
		(Выписка)
		(утв. ФСТЭК РФ 15.02.2008)
		},
	publisher={Федеральная Служба по Техническому и Экспортному Контролю России},
	year={2008},
	language={russian}
},
@Misc{FSIS:prikaz,
	title = {ПРИКАЗ от 5 июля 2013 г. N 82
		ОБ УТВЕРЖДЕНИИ ИНСТРУКЦИЙ ПО ОБЕСПЕЧЕНИЮ
		РЕЖИМА СЕКРЕТНОСТИ
		ПРИ ОБРАБОТКЕ СЕКРЕТНОЙ ИНФОРМАЦИИ С ИСПОЛЬЗОВАНИЕМ
		КОМПЬЮТЕРНОЙ СИСТЕМЫ В РЕЖИМНО-СЕКРЕТНОМ
		ПОДРАЗДЕЛЕНИИ РОСПАТЕНТА
		},
	publisher={Федеральная Служба по Интеллектуальной Собственности России},
	year={2013},
	language={russian}
},
@online{proj:QEMU,
	title={QEMU},
	url={http://wiki.qemu.org/Main_Page},
	year={2016},
	medium={Электронный ресурс},
	urldate={12.04.2016},
	language={russian}
},
@online{proj:Tianocore,
	title={Tianocore},
	url={www.tianocore.org},
	year={2016},
	medium={Электронный ресурс},
	urldate={12.04.2016},
	language={russian}
},
@online{proj:OpenBIOS,
	title={OpenBIOS},
	url={http://www.openfirmware.info/OpenBIOS},
	year={2016},
	medium={Электронный ресурс},
	urldate={12.04.2016},
	language={russian}
},
@online{proj:SeaBIOS,
	title={SeaBIOS},
	url={http://www.seabios.org/SeaBIOS},
	year={2016},
	medium={Электронный ресурс},
	urldate={12.04.2016},
	language={russian}
},
@online{news:AMIinsyde,
	title={Исходный код AMI-BIOS и ключи подписи UEFI попали в открытый доступ},
	url={https://xakep.ru/2013/04/06/60404/},
	year={2016},
	medium={Электронный ресурс},
	urldate={12.04.2016},
	language={russian}
},
@Misc{minkomsvyaz:klassificator,
	title = {Приказ Минкомсвязи России от 31.12.2015 N 621
		"Об утверждении классификатора программ
		для электронных вычислительных машин и
		баз данных"},
	publisher={Минкомсвязи России},
	year={2015},
	language={russian}
}
